<record><leader>00000cas a22000007a 4500</leader><controlfield tag="001">9073406</controlfield><controlfield tag="008">821221c19uu9999inuqr n       0   a0eng d</controlfield><datafield ind1=" " ind2=" " tag="010"><subfield code="a">sn 82008439 </subfield></datafield><datafield ind1=" " ind2=" " tag="040"><subfield code="a">NSD</subfield><subfield code="b">eng</subfield><subfield code="c">NSD</subfield><subfield code="d">NPI</subfield><subfield code="d">VXM</subfield><subfield code="d">OCLCQ</subfield><subfield code="d">OCLCO</subfield></datafield><datafield ind1=" " ind2=" " tag="012"><subfield code="m">1</subfield></datafield><datafield ind1=" " ind2=" " tag="019"><subfield code="a">26441708</subfield></datafield><datafield ind1="1" ind2=" " tag="022"><subfield code="a">0745-3396</subfield><subfield code="l">0745-3396</subfield><subfield code="2">1</subfield></datafield><datafield ind1="1" ind2=" " tag="029"><subfield code="a">AU@</subfield><subfield code="b">000025810807</subfield></datafield><datafield ind1=" " ind2=" " tag="032"><subfield code="a">046740</subfield><subfield code="b">USPS</subfield></datafield><datafield ind1=" " ind2=" " tag="037"><subfield code="b">Diocese of Northern Indiana, 536 West Colfax Ave., South Bend, Ind., 46601</subfield></datafield><datafield ind1=" " ind2=" " tag="042"><subfield code="a">nsdp</subfield></datafield><datafield ind1=" " ind2=" " tag="043"><subfield code="a">n-us-in</subfield></datafield><datafield ind1="0" ind2=" " tag="130"><subfield code="a">Beacon (South Bend, Ind.)</subfield></datafield><datafield ind1=" " ind2="4" tag="222"><subfield code="a">The Beacon</subfield><subfield code="b">(South Bend, Ind.)</subfield></datafield><datafield ind1="1" ind2="4" tag="245"><subfield code="a">The Beacon :</subfield><subfield code="b">the family newspaper of the Diocese of Northern Indiana.</subfield></datafield><datafield ind1=" " ind2=" " tag="260"><subfield code="a">[South Bend, Ind.] :</subfield><subfield code="b">The Diocese</subfield></datafield><datafield ind1=" " ind2=" " tag="310"><subfield code="a">Quarterly</subfield></datafield><datafield ind1=" " ind2=" " tag="588"><subfield code="a">Description based on: Vol. 36, no. 3 (winter issue 1982); title from caption.</subfield></datafield><datafield ind1="2" ind2="0" tag="610"><subfield code="a">Episcopal Church.</subfield><subfield code="b">Diocese of Northern Indiana</subfield><subfield code="v">Periodicals.</subfield></datafield><datafield ind1="2" ind2="0" tag="610"><subfield code="a">Episcopal Church</subfield><subfield code="z">Indiana</subfield><subfield code="v">Periodicals.</subfield></datafield><datafield ind1=" " ind2="0" tag="650"><subfield code="a">Episcopalians</subfield><subfield code="z">Indiana</subfield><subfield code="v">Periodicals.</subfield></datafield><datafield ind1=" " ind2="0" tag="650"><subfield code="a">Anglican Communion</subfield><subfield code="z">Indiana</subfield><subfield code="v">Periodicals.</subfield></datafield><datafield ind1=" " ind2="0" tag="651"><subfield code="a">Indiana</subfield><subfield code="x">Church history</subfield><subfield code="v">Sources.</subfield></datafield><datafield ind1="2" ind2=" " tag="710"><subfield code="a">Episcopal Church.</subfield><subfield code="b">Diocese of Northern Indiana.</subfield></datafield><datafield ind1=" " ind2=" " tag="752"><subfield code="a">United States</subfield><subfield code="b">Indiana</subfield><subfield code="c">Saint Joseph</subfield><subfield code="d">South Bend.</subfield></datafield><datafield ind1=" " ind2=" " tag="936"><subfield code="a">Winter 1982</subfield></datafield></record>